<record><leader>00000cas a2200000 a 4500</leader><controlfield tag="001">11768362</controlfield><controlfield tag="008">850306c19859999fluer n       0   a0eng c</controlfield><datafield ind1=" " ind2=" " tag="010"><subfield code="a">sn 85000824 </subfield></datafield><datafield ind1=" " ind2=" " tag="040"><subfield code="a">NSD</subfield><subfield code="b">eng</subfield><subfield code="c">NSD</subfield><subfield code="d">CLU</subfield><subfield code="d">NSD</subfield><subfield code="d">CRL</subfield><subfield code="d">OCLCQ</subfield></datafield><datafield ind1=" " ind2=" " tag="012"><subfield code="i">8511</subfield><subfield code="j">0</subfield><subfield code="k">1</subfield><subfield code="l">1</subfield><subfield code="m">1</subfield></datafield><datafield ind1="0" ind2=" " tag="022"><subfield code="a">0882-1682</subfield><subfield code="l">0882-1682</subfield><subfield code="2">1</subfield></datafield><datafield ind1="1" ind2=" " tag="029"><subfield code="a">AU@</subfield><subfield code="b">000025788227</subfield></datafield><datafield ind1=" " ind2=" " tag="032"><subfield code="a">761230</subfield><subfield code="b">USPS</subfield></datafield><datafield ind1=" " ind2=" " tag="037"><subfield code="b">Pravda Pulse, News Pulse, Inc., P.O. Drawer 4323, Fort Pierce, FL 33448-4323</subfield></datafield><datafield ind1="1" ind2=" " tag="041"><subfield code="a">eng</subfield><subfield code="h">rus</subfield></datafield><datafield ind1=" " ind2=" " tag="042"><subfield code="a">nsdp</subfield><subfield code="a">pcc</subfield></datafield><datafield ind1=" " ind2="4" tag="050"><subfield code="a">AP 50</subfield><subfield code="b">.P728</subfield></datafield><datafield ind1="1" ind2=" " tag="082"><subfield code="a">077</subfield><subfield code="2">11</subfield></datafield><datafield ind1="0" ind2=" " tag="210"><subfield code="a">Pravda pulse</subfield></datafield><datafield ind1=" " ind2="0" tag="222"><subfield code="a">Pravda pulse</subfield></datafield><datafield ind1="0" ind2="0" tag="245"><subfield code="a">Pravda pulse.</subfield></datafield><datafield ind1=" " ind2=" " tag="260"><subfield code="a">[Fort Pierce, FL] :</subfield><subfield code="b">News Pulse, Inc.,</subfield><subfield code="c">1985-</subfield></datafield><datafield ind1=" " ind2=" " tag="300"><subfield code="a">v. :</subfield><subfield code="b">ill. ;</subfield><subfield code="c">28 cm.</subfield></datafield><datafield ind1=" " ind2=" " tag="310"><subfield code="a">Biweekly</subfield></datafield><datafield ind1="0" ind2=" " tag="362"><subfield code="a">Vol. 1, no. 1 (May 27, 1985)-</subfield></datafield><datafield ind1=" " ind2=" " tag="500"><subfield code="a">Title from caption.</subfield></datafield><datafield ind1=" " ind2=" " tag="580"><subfield code="a">Selected translations from: Pravda.</subfield></datafield><datafield ind1=" " ind2=" " tag="752"><subfield code="a">United States</subfield><subfield code="b">Florida</subfield><subfield code="c">Saint Lucie</subfield><subfield code="d">Fort Pierce.</subfield></datafield><datafield ind1="1" ind2=" " tag="765"><subfield code="t">Pravda (Moscow, Russia)</subfield><subfield code="w">(OCoLC)1762779</subfield><subfield code="w">(DLC)sn 85054166</subfield></datafield><datafield ind1=" " ind2=" " tag="850"><subfield code="a">CLU</subfield><subfield code="a">PPiU</subfield></datafield><datafield ind1=" " ind2=" " tag="936"><subfield code="a">Sept. 2, 1985 (surrogate)</subfield></datafield></record>